@misc{americanPresidencyProject,
  title={2016 Presidential Election Speeches and Remarks},
  howpublished={\url{http://www.presidency.ucsb.edu/2016_election_speeches.php?candidate=45&campaign=2016TRUMP&doctype=5000}},
  journal={The American Presidency Project},
  publisher={University of California, Santa Barbara},
  note={Online; accessed 15 December 2017},
  year={2016}
}

@article{goldhill2017,
  title={Rhetoric Scholars Pinpoint Why {T}rump’s inarticulate Speaking Style is So Persuasive},
  howpublished={\url{https://qz.com/965004/rhetoric-scholars-pinpoint-why-trumps-inarticulate-speaking-style-is-so-persuasive/}},
  journal={Quartz.com},
  publisher={Atlantic Media},
  author={Goldhill, Olivia},
  year={2017},
  month={Apr}
}

@book{goodfellow2016,
  title={Deep Learning},
  author={Ian Goodfellow and Yoshua Bengio and Aaron Courville},
  publisher={MIT Press},
  note={\url{http://www.deeplearningbook.org}},
  year={2016}
}

@misc{oxfordWordCount,
  title={How Many Words are There in the {E}nglish Language?},
  howpublished={\url{https://en.oxforddictionaries.com/explore/how-many-words-are-there-in-the-english-language}},
  note = {Online; accessed 15 December 2017},
  publisher={Oxford Dictionaries}
}

@misc{karapathy2015,
  title={The Unreasonable Effectiveness of Recurrent Neural Networks},
  howpublished={\url{http://karpathy.github.io/2015/05/21/rnn-effectiveness/}},
  journal={Hacker's Guide to Neural Networks},
  author={Karapathy, Andrej},
  note = {Online; accessed 15 December 2017},
  year={2015}, month={May}
}


@article{kingma2014,
  author    = {Diederik P. Kingma and Jimmy Ba},
  title     = {Adam: {A} Method for Stochastic Optimization},
  journal   = {CoRR},
  year      = {2014},
}


@article{mayerNewYorkerGhostwriter,
  title={{D}onald {T}rump’s Ghostwriter Tells All},
  journal={The New Yorker},
  author={Mayer, Jane},
  year={2016},
  month={Jul}
}

@book{mitkov2009,
  title={The Oxford Handbook of Computational Linguistics}, publisher={Oxford University Press},
  author={Mitkov, Ruslan},
  year={2009}
}

@book{trump101,
  place={New York},
  title={Trump: The Art of the Comeback},
  publisher={Times Books},
  author={Trump, Donald and Bohner, Kate},
  year={1997}
}

@book{trumpArtOfTheComeback,
  place={New York},
  title={Trump: The Art of the Comeback},
  publisher={Times Books},
  author={Trump, Donald and Bohner, Kate},
  year={1997}
}

@book{trumpArtOfTheDeal,
  place={New York},
  title={Trump: The Art of the Deal},
  publisher={Random House},
  author={Trump, Donald and Schwartz, Tony},
  year={1987}
}

@book{trumpBestGolfAdvice,
  place={New York},
  title={Trump: The Best Golf Advice I Ever Received},
  publisher={Crown Publishers},
  author={Trump, Donald},
  year={2005}
}

@book{trumpCrippledAmerica,
  place={New York},
  title={Crippled America: How to Make America Great Again},
  publisher={Threshold Editions},
  author={Trump, Donald},
  year={2016}
}

@book{trumpHowToGetRich,
  place={New York},
  title={Trump: How to Get Rich},
  publisher={Random House},
  author={Trump, Donald and McIver, Meredith},
  year={2004}
}

@book{trumpMidasTouch,
  place={Scottsdale, AZ},
  title={Midas Touch: Why Some Entrepreneurs Get Rich, and Why Most Don't},
  publisher={Plata Publishing},
  author={Trump, Donald and Kiyosaki, Robert},
  year={2012}
}

@book{trumpNeverGiveUp,
  title={Trump Never Give Up: How I Turned My Biggest Challenges Into Success},
  publisher={John Wiley \& Sons},
  author={Trump, Donald and McIver, Meredith},
  year={2008}
}

@book{trumpSurvivingAtTheTop,
  place={New York},
  title={Trump: Surviving at the Top},
  publisher={Random House},
  author={Trump, Donald and Leerhsen, Charles},
  year={1990}
}

@book{trumpTheAmericaWeDeserve,
  place={Los Angeles},
  title={The America We Deserve},
  publisher={Renaissance Books},
  author={Trump, Donald and Shiflett, Dave},
  year={2000}
}

@book{trumpThinkBig,
  place={New York},
  title={Think Big and Kick Ass: Make it Happen in Business and Life},
  publisher={Morrow Avon},
  author={Trump, Donald and Zanker, Bill},
  year={2007}
}

@book{trumpTimeToGetTough,
  place={Washington, DC},
  title={Time to Get Tough: Making America Great Again!},
  publisher={Regnery Publishing},
  author={Trump, Donald},
  year={2015}
}

@book{trumpWhyWeWantYou,
  place={Scottsdale, AZ.},
  title={Why We Want You to be Rich: Two Men, One Message},
  publisher={Plata Publishing},
  author={Trump, Donald and Kiyosaki, Robert T.},
  year={2006}
}

@article{ohlheiser2017,
  title={The (Other) Man Behind the Curtain of {T}rump’s Twitter Account is Revealed … Again}, url={https://www.washingtonpost.com/news/the-intersect/wp/2017/10/04/the-other-man-behind-the-curtain-of-trumps-twitter-account-is-revealed-again/?utm_term=.5476ff71cfe6},
  journal={The Washington Post},
  author={Ohlheiser, Abby},
  year={2017},
  month={Oct}
}

@misc{pedramNavidTrumpSpeeches,
  title={All of {T}rump's Speeches from {J}une 2015 to {N}ovember 9, 2016},
  howpublished={\url{https://github.com/PedramNavid/trump_speeches}},
  publisher={GitHub, Inc.},
  author={Pedram Navid},
  note = {Online; accessed 15 December 2017},
  year={2017}
}

@article{phillipsBlake2017,
  title={Trump on {M}ichael {F}lynn’s Guilty Plea: It’s a ‘Shame’ Because He Had ‘Nothing to Hide’}, url={https://www.washingtonpost.com/news/post-politics/wp/2017/12/02/trump-on-michael-flynns-guilty-plea-theres-been-absolutely-no-collusion/?utm_term=.ebbccd997767},
  journal={The Washington Post},
  author={Phillips, Kristine and Blake, Aaron},
  year={2017},
  month={Dec}
}

@misc{ryanMcdermottTrumpSpeeches,
  title={{1MB} Archive of {D}onald {T}rump Speeches},
  howpublished={\url{https://github.com/ryanmcdermott/trump-speeches}},
  publisher={GitHub, Inc.},
  author={Ryan McDermott},
  note = {Online; accessed 15 December 2017},
  year={2017}
}



@misc{trumpRnnGithub,
  title={Character-Level RNN to Generate Speech in the Style of Donald Trump},
  url={https://github.com/ZaydH/trump_char_rnn},
  publisher={GitHub, Inc.},
  author={Benjamin Sherman and Zayd Hammoudeh},
  year={2017}
}
